<?xml version="1.0" encoding="UTF-8"?><collection xmlns="http://www.loc.gov/MARC21/slim"><record><leader>00603nam--2200181-i-4500</leader><controlfield tag="001">000024133</controlfield><controlfield tag="002">20161230</controlfield><controlfield tag="005">20161230201035</controlfield><controlfield tag="008">060222s1000------------r-----000-0-eng-d</controlfield><datafield ind1=" " ind2=" " tag="040"><subfield code="a">IFIN-HH</subfield></datafield><datafield ind1=" " ind2=" " tag="080"><subfield code="a">519.718:53.082</subfield></datafield><datafield ind1="1" ind2=" " tag="100"><subfield code="a">Huseyin, K</subfield></datafield><datafield ind1="1" ind2="0" tag="245"><subfield code="a">Vibrations and stability of multiple parameter sustems</subfield><subfield code="c">K. huseyin</subfield></datafield><datafield ind1=" " ind2=" " tag="260"><subfield code="a">Alphen Aan Den Rijin</subfield><subfield code="b">Sijthoff And Noordhoff International Publishing</subfield><subfield code="c">1978</subfield></datafield><datafield ind1=" " ind2=" " tag="300"><subfield code="a">X + 216 P</subfield></datafield><datafield ind1=" " ind2=" " tag="490"><subfield code="a">Monographs And Textbooks On Mechanics Of Solids And Fluids. Mechanics Of Elastic Stability</subfield></datafield><datafield ind1=" " ind2=" " tag="852"><subfield code="a">70132</subfield><subfield code="c">53</subfield></datafield><datafield ind1=" " ind2=" " tag="CAT"><subfield code="a">Sys</subfield><subfield code="c">20150806</subfield><subfield code="h">105503</subfield></datafield></record></collection>